
<record>
  <leader>00750nam a2200217u  4500</leader>
  <controlfield tag="001">8348991</controlfield>
  <controlfield tag="005">00000000000000.0</controlfield>
  <controlfield tag="008">810826s1946    bl c          000 0 ita  </controlfield>
  <datafield tag="035" ind1=" " ind2=" ">
    <subfield code="9">(DLC)   47024737</subfield>
  </datafield>
  <datafield tag="906" ind1=" " ind2=" ">
    <subfield code="a">0</subfield>
    <subfield code="b">cbc</subfield>
    <subfield code="c">premunv</subfield>
    <subfield code="d">u</subfield>
    <subfield code="e">ncip</subfield>
    <subfield code="f">19</subfield>
    <subfield code="g">y-gencatlg</subfield>
  </datafield>
  <datafield tag="010" ind1=" " ind2=" ">
    <subfield code="a">   47024737 </subfield>
  </datafield>
  <datafield tag="040" ind1=" " ind2=" ">
    <subfield code="a">DLC</subfield>
    <subfield code="c">CarP</subfield>
    <subfield code="d">DLC</subfield>
  </datafield>
  <datafield tag="041" ind1="1" ind2=" ">
    <subfield code="a">porund</subfield>
  </datafield>
  <datafield tag="050" ind1="0" ind2="0">
    <subfield code="a">PS3507.R55</subfield>
    <subfield code="b">S545</subfield>
  </datafield>
  <datafield tag="100" ind1="1" ind2=" ">
    <subfield code="a">Dreiser, Theodore,</subfield>
    <subfield code="d">1871-1945. [from old catalog]</subfield>
  </datafield>
  <datafield tag="240" ind1="1" ind2="0">
    <subfield code="a">Sister Carrie. Portuguese [from old catalog]</subfield>
  </datafield>
  <datafield tag="245" ind1="1" ind2="0">
    <subfield code="a">Carolina,</subfield>
    <subfield code="c">traduȯ̂ de Moacir Augusto. </subfield>
  </datafield>
  <datafield tag="260" ind1=" " ind2=" ">
    <subfield code="a">Rio de Janeiro [etc.]</subfield>
    <subfield code="b">Livraria do globo</subfield>
    <subfield code="c">[1946]</subfield>
  </datafield>
  <datafield tag="300" ind1=" " ind2=" ">
    <subfield code="a">466, [2] p.</subfield>
    <subfield code="b">front. (port.)</subfield>
    <subfield code="c">23 cm.</subfield>
  </datafield>
  <datafield tag="700" ind1="2" ind2=" ">
    <subfield code="a">Moacir Augusto, [from old catalog]</subfield>
    <subfield code="e">tr.</subfield>
  </datafield>
  <datafield tag="991" ind1=" " ind2=" ">
    <subfield code="b">c-GenColl</subfield>
    <subfield code="h">PS3507.R55</subfield>
    <subfield code="i">S545</subfield>
    <subfield code="t">Copy 1</subfield>
    <subfield code="w">PREM</subfield>
  </datafield>
</record>