
<record>
  <leader>01046cam a2200265 a 4500</leader>
  <controlfield tag="001">3804309</controlfield>
  <controlfield tag="005">19971125111053.2</controlfield>
  <controlfield tag="008">850304s1985    vauac        s000 0 eng  </controlfield>
  <datafield tag="035" ind1=" " ind2=" ">
    <subfield code="9">(DLC)   85005370</subfield>
  </datafield>
  <datafield tag="906" ind1=" " ind2=" ">
    <subfield code="a">7</subfield>
    <subfield code="b">cbc</subfield>
    <subfield code="c">orignew</subfield>
    <subfield code="d">1</subfield>
    <subfield code="e">ocip</subfield>
    <subfield code="f">19</subfield>
    <subfield code="g">y-gencatlg</subfield>
  </datafield>
  <datafield tag="010" ind1=" " ind2=" ">
    <subfield code="a">   85005370 </subfield>
  </datafield>
  <datafield tag="020" ind1=" " ind2=" ">
    <subfield code="a">0813910676</subfield>
  </datafield>
  <datafield tag="040" ind1=" " ind2=" ">
    <subfield code="a">DLC</subfield>
    <subfield code="c">DLC</subfield>
    <subfield code="d">DLC</subfield>
  </datafield>
  <datafield tag="050" ind1="0" ind2="0">
    <subfield code="a">PS3507.R55</subfield>
    <subfield code="b">S597 1985</subfield>
  </datafield>
  <datafield tag="082" ind1="0" ind2="0">
    <subfield code="a">813/.52</subfield>
    <subfield code="2">19</subfield>
  </datafield>
  <datafield tag="100" ind1="1" ind2=" ">
    <subfield code="a">West, James L. W.</subfield>
  </datafield>
  <datafield tag="245" ind1="1" ind2="2">
    <subfield code="a">A Sister Carrie portfolio /</subfield>
    <subfield code="c">James L.W. West III.</subfield>
  </datafield>
  <datafield tag="260" ind1=" " ind2=" ">
    <subfield code="a">Charlottesville :</subfield>
    <subfield code="b">Published for the Bibliographical Society of the University of Virginia by the University Press of Virginia,</subfield>
    <subfield code="c">1985.</subfield>
  </datafield>
  <datafield tag="300" ind1=" " ind2=" ">
    <subfield code="a">vii, 87 p. :</subfield>
    <subfield code="b">ill., ports. ;</subfield>
    <subfield code="c">29 cm.</subfield>
  </datafield>
  <datafield tag="600" ind1="1" ind2="0">
    <subfield code="a">Dreiser, Theodore,</subfield>
    <subfield code="d">1871-1945.</subfield>
    <subfield code="t">Sister Carrie.</subfield>
  </datafield>
  <datafield tag="600" ind1="1" ind2="0">
    <subfield code="a">Dreiser, Theodore,</subfield>
    <subfield code="d">1871-1945</subfield>
    <subfield code="x">Manuscripts</subfield>
    <subfield code="x">Facsimiles.</subfield>
  </datafield>
  <datafield tag="650" ind1=" " ind2="0">
    <subfield code="a">Manuscripts, American</subfield>
    <subfield code="x">Facsimiles.</subfield>
  </datafield>
  <datafield tag="650" ind1=" " ind2="0">
    <subfield code="a">Young women in literature.</subfield>
  </datafield>
  <datafield tag="710" ind1="2" ind2=" ">
    <subfield code="a">University of Virginia.</subfield>
    <subfield code="b">Bibliographical Society.</subfield>
  </datafield>
  <datafield tag="991" ind1=" " ind2=" ">
    <subfield code="b">c-GenColl</subfield>
    <subfield code="h">PS3507.R55</subfield>
    <subfield code="i">S597 1985</subfield>
    <subfield code="p">00033776846</subfield>
    <subfield code="t">Copy 1</subfield>
    <subfield code="w">BOOKS</subfield>
  </datafield>
</record>