
<record>
  <leader>02485ngm a22004937a 4500</leader>
  <controlfield tag="001">11679077</controlfield>
  <controlfield tag="005">19960802083057.8</controlfield>
  <controlfield tag="007">mrubaaafu</controlfield>
  <controlfield tag="008">960730s1952    xxu118            mleng  </controlfield>
  <datafield tag="035" ind1=" " ind2=" ">
    <subfield code="9">(DLC)   96514893</subfield>
  </datafield>
  <datafield tag="906" ind1=" " ind2=" ">
    <subfield code="a">7</subfield>
    <subfield code="b">cbc</subfield>
    <subfield code="c">orignew</subfield>
    <subfield code="d">u</subfield>
    <subfield code="e">ncip</subfield>
    <subfield code="f">19</subfield>
    <subfield code="g">y-movingim</subfield>
  </datafield>
  <datafield tag="010" ind1=" " ind2=" ">
    <subfield code="a">   96514893 </subfield>
  </datafield>
  <datafield tag="017" ind1=" " ind2=" ">
    <subfield code="a">LP1907</subfield>
    <subfield code="b">U.S. Copyright Office</subfield>
  </datafield>
  <datafield tag="040" ind1=" " ind2=" ">
    <subfield code="a">DLC</subfield>
    <subfield code="c">DLC</subfield>
    <subfield code="e">amim</subfield>
  </datafield>
  <datafield tag="050" ind1="0" ind2="0">
    <subfield code="a">FGA 1838-1850 (ref print)</subfield>
  </datafield>
  <datafield tag="245" ind1="0" ind2="0">
    <subfield code="a">Carrie /</subfield>
    <subfield code="c">Paramount Pictures Corp. ; director-producer, William Wyler ; screenplay, Ruth and Augustus Goetz.</subfield>
  </datafield>
  <datafield tag="257" ind1=" " ind2=" ">
    <subfield code="a">U.S.</subfield>
  </datafield>
  <datafield tag="260" ind1=" " ind2=" ">
    <subfield code="a">United States :</subfield>
    <subfield code="b">Paramount Pictures Corp.,</subfield>
    <subfield code="c">1952.</subfield>
  </datafield>
  <datafield tag="300" ind1=" " ind2=" ">
    <subfield code="a">13 reels of 13 (ca. 10620 ft.) :</subfield>
    <subfield code="b">sd., b&amp;w ;</subfield>
    <subfield code="c">35 mm.</subfield>
    <subfield code="3">ref print.</subfield>
  </datafield>
  <datafield tag="500" ind1=" " ind2=" ">
    <subfield code="a">Copyright: Paramount Pictures Corp.; 9Jun52 (in notice: 1951); LP1907.</subfield>
  </datafield>
  <datafield tag="508" ind1=" " ind2=" ">
    <subfield code="a">Photography, Victor Milner ; music, David Raksin ; editor, Robert Swink.</subfield>
  </datafield>
  <datafield tag="511" ind1="1" ind2=" ">
    <subfield code="a">Laurence Olivier (George Hurstwood), Jennifer Jones (Carrie Meeber), Miriam Hopkins (Julie Hurstwood), Eddie Albert (Charles Drouet), Basil Ruysdael (Mr. Fitzgerald), Ray Teal (Allan).</subfield>
  </datafield>
  <datafield tag="520" ind1=" " ind2=" ">
    <subfield code="a">An ambitious country girl living in the slums of Chicago in the 1890&apos;s becomes the mistress and eventually the illegal wife of a successful businessman whose love for her causes him to lose his home, job, family, self-respect, and ambition.</subfield>
  </datafield>
  <datafield tag="500" ind1=" " ind2=" ">
    <subfield code="a">Summary quoted from M/B/RS preliminary shelflist card, PREMARC, LCCN Fi52-2205.</subfield>
  </datafield>
  <datafield tag="500" ind1=" " ind2=" ">
    <subfield code="a">Based on the novel Sister Carrie, by Theodore Dreiser.</subfield>
  </datafield>
  <datafield tag="500" ind1=" " ind2=" ">
    <subfield code="a">Source(s) used: 1) M/B/RS preliminary shelflist card, PREMARC, LCCN Fi52-2205  2) Ross &amp; Nash&apos;s The motion picture guide, 1927-1983, p. 363-364.</subfield>
  </datafield>
  <datafield tag="541" ind1=" " ind2=" ">
    <subfield code="d">Received: ca. 1953;</subfield>
    <subfield code="3">ref print;</subfield>
    <subfield code="c">copyright deposit;</subfield>
    <subfield code="a">Copyright Collection.</subfield>
  </datafield>
  <datafield tag="650" ind1=" " ind2="0">
    <subfield code="a">Family</subfield>
    <subfield code="x">Drama.</subfield>
  </datafield>
  <datafield tag="655" ind1=" " ind2="7">
    <subfield code="a">Drama.</subfield>
    <subfield code="2">mim</subfield>
  </datafield>
  <datafield tag="655" ind1=" " ind2="7">
    <subfield code="a">Features.</subfield>
    <subfield code="2">mim</subfield>
  </datafield>
  <datafield tag="655" ind1=" " ind2="7">
    <subfield code="a">Adaptations.</subfield>
    <subfield code="2">mim</subfield>
  </datafield>
  <datafield tag="700" ind1="1" ind2=" ">
    <subfield code="a">Wyler, William,</subfield>
    <subfield code="d">1902-</subfield>
    <subfield code="e">direction,</subfield>
    <subfield code="e">production.</subfield>
  </datafield>
  <datafield tag="700" ind1="1" ind2=" ">
    <subfield code="a">Goetz, Ruth,</subfield>
    <subfield code="e">writing.</subfield>
  </datafield>
  <datafield tag="700" ind1="1" ind2=" ">
    <subfield code="a">Goetz, Augustus,</subfield>
    <subfield code="e">writing.</subfield>
  </datafield>
  <datafield tag="700" ind1="1" ind2=" ">
    <subfield code="a">Olivier, Laurence,</subfield>
    <subfield code="d">1907-</subfield>
    <subfield code="e">cast.</subfield>
  </datafield>
  <datafield tag="700" ind1="1" ind2=" ">
    <subfield code="a">Jones, Jennifer,</subfield>
    <subfield code="d">1919-</subfield>
    <subfield code="e">cast.</subfield>
  </datafield>
  <datafield tag="700" ind1="1" ind2=" ">
    <subfield code="a">Hopkins, Miriam,</subfield>
    <subfield code="d">1902-1972,</subfield>
    <subfield code="e">cast.</subfield>
  </datafield>
  <datafield tag="700" ind1="1" ind2=" ">
    <subfield code="a">Albert, Eddie,</subfield>
    <subfield code="e">cast.</subfield>
  </datafield>
  <datafield tag="700" ind1="1" ind2=" ">
    <subfield code="a">Dreiser, Theodore,</subfield>
    <subfield code="d">1871-1945.</subfield>
    <subfield code="t">Sister Carrie.</subfield>
  </datafield>
  <datafield tag="710" ind1="2" ind2=" ">
    <subfield code="a">Paramount Pictures Corporation.</subfield>
  </datafield>
  <datafield tag="710" ind1="2" ind2=" ">
    <subfield code="a">Copyright Collection (Library of Congress)</subfield>
    <subfield code="5">DLC</subfield>
  </datafield>
  <datafield tag="952" ind1=" " ind2=" ">
    <subfield code="a">Item not viewed.</subfield>
  </datafield>
  <datafield tag="953" ind1=" " ind2=" ">
    <subfield code="a">TE01</subfield>
  </datafield>
  <datafield tag="991" ind1=" " ind2=" ">
    <subfield code="b">c-MP&amp;TV</subfield>
    <subfield code="h">FGA 1838-1850 (ref print)</subfield>
    <subfield code="w">MUMS VM File</subfield>
  </datafield>
</record>
</collection>
